% preprints
@article{de2021thickness,
  title={A thickness sensitive vessel extraction framework for retinal and conjunctival vascular tortuosity analysis},
  author={\textbf{De Silva}, \textbf{Ashwin} and Perera, Malsha V and Wijethilake, Navodini and Jayasinghe, Saroj and Nanayakkara, Nuwan D and De Silva, Anjula},
  journal={},
  year={2021},
  url={https://arxiv.org/pdf/2101.00435.pdf},
  note = {\textcolor{blue}{\href{https://arxiv.org/pdf/2101.00435.pdf}{[pdf]}}}
}